%% =========================================================
% Robotics 
@book{siciliano2016springer,
  title={Springer handbook of robotics},
  author={Siciliano, Bruno and Khatib, Oussama},
  year={2016},
  publisher={Springer}
}

@book{thrun2005probabilistic,
  title={Probabilistic robotics},
  author={Thrun, Sebastian and Burgard, Wolfram and Fox, Dieter},
  year={2005},
  publisher={MIT press}
}

@inproceedings{yang2004vehicle,
  title={A vehicle-to-vehicle communication protocol for cooperative collision warning},
  author={Yang, Xue and Liu, L and Vaidya, Nitin H and Zhao, Feng},
  booktitle={Mobile and Ubiquitous Systems: Networking and Services, 2004. MOBIQUITOUS 2004. The First Annual International Conference on},
  pages={114--123},
  year={2004},
  organization={IEEE}
}

@article{torrent2009vehicle,
  title={Vehicle-to-vehicle communication: fair transmit power control for safety-critical information},
  author={Torrent-Moreno, Marc and Mittag, Jens and Santi, Paolo and Hartenstein, Hannes},
  journal={IEEE Transactions on Vehicular Technology},
  volume={58},
  number={7},
  pages={3684--3703},
  year={2009},
  publisher={IEEE}
}

@article{biswas2006vehicle,
  title={Vehicle-to-vehicle wireless communication protocols for enhancing highway traffic safety},
  author={Biswas, Subir and Tatchikou, Raymond and Dion, Francois},
  journal={IEEE communications magazine},
  volume={44},
  number={1},
  pages={74--82},
  year={2006},
  publisher={IEEE}
}

@inproceedings{mclurkin2004distributed,
  title={Distributed algorithms for dispersion in indoor environments using a swarm of autonomous mobile robots},
  author={McLurkin, James and Smith, Jennifer},
  booktitle={in 7th International Symposium on Distributed Autonomous Robotic Systems (DARS},
  year={2004},
  organization={Citeseer}
}


% =========================================================
% Blockchain 

@book{swan2015blockchain,
  title={Blockchain: Blueprint for a new economy},
  author={Swan, Melanie},
  year={2015},
  publisher={" O'Reilly Media, Inc."}
}

@misc{nakamoto2008bitcoin,
  title={Bitcoin: A peer-to-peer electronic cash system},
  author={Nakamoto, Satoshi},
  year={2008}
}
